
<record>
  <leader>02150cam a22003857i 4500</leader>
  <controlfield tag="001">19122056</controlfield>
  <controlfield tag="005">20200103150702.0</controlfield>
  <controlfield tag="008">160604t20162016caua     b    001 0 eng c</controlfield>
  <datafield tag="906" ind1=" " ind2=" ">
    <subfield code="a">7</subfield>
    <subfield code="b">cbc</subfield>
    <subfield code="c">pccadap</subfield>
    <subfield code="d">2</subfield>
    <subfield code="e">ncip</subfield>
    <subfield code="f">20</subfield>
    <subfield code="g">y-gencatlg</subfield>
  </datafield>
  <datafield tag="925" ind1="0" ind2=" ">
    <subfield code="a">acquire</subfield>
    <subfield code="b">1 shelf copy</subfield>
    <subfield code="x">policy default</subfield>
  </datafield>
  <datafield tag="955" ind1=" " ind2=" ">
    <subfield code="b">rm08 2016-06-04 z-processor</subfield>
    <subfield code="i">rm06 2016-07-08 to Dewey</subfield>
    <subfield code="w">xm06 2016-08-08</subfield>
    <subfield code="a">rm13 2018-04-25 copy 2 to discard</subfield>
  </datafield>
  <datafield tag="010" ind1=" " ind2=" ">
    <subfield code="a">  2016303653</subfield>
  </datafield>
  <datafield tag="020" ind1=" " ind2=" ">
    <subfield code="a">1506307698</subfield>
  </datafield>
  <datafield tag="020" ind1=" " ind2=" ">
    <subfield code="a">9781506307695</subfield>
  </datafield>
  <datafield tag="020" ind1=" " ind2=" ">
    <subfield code="z">9781506307688</subfield>
  </datafield>
  <datafield tag="035" ind1=" " ind2=" ">
    <subfield code="a">(OCoLC)ocn932048631</subfield>
  </datafield>
  <datafield tag="040" ind1=" " ind2=" ">
    <subfield code="a">YDXCP</subfield>
    <subfield code="b">eng</subfield>
    <subfield code="c">YDXCP</subfield>
    <subfield code="e">rda</subfield>
    <subfield code="d">BTCTA</subfield>
    <subfield code="d">BDX</subfield>
    <subfield code="d">INA</subfield>
    <subfield code="d">MNU</subfield>
    <subfield code="d">OCLCF</subfield>
    <subfield code="d">EYM</subfield>
    <subfield code="d">CDX</subfield>
    <subfield code="d">DLC</subfield>
  </datafield>
  <datafield tag="050" ind1="0" ind2="0">
    <subfield code="a">H62</subfield>
    <subfield code="b">.B58555 2016</subfield>
  </datafield>
  <datafield tag="082" ind1="0" ind2="0">
    <subfield code="a">808.02</subfield>
    <subfield code="2">23</subfield>
  </datafield>
  <datafield tag="100" ind1="1" ind2=" ">
    <subfield code="a">Bloomberg, Linda Dale,</subfield>
    <subfield code="e">author.</subfield>
  </datafield>
  <datafield tag="245" ind1="1" ind2="0">
    <subfield code="a">Completing your qualitative dissertation :</subfield>
    <subfield code="b">a road map from beginning to end /</subfield>
    <subfield code="c">Linda Dale Bloomberg, Marie Volpe, Columbia University.</subfield>
  </datafield>
  <datafield tag="250" ind1=" " ind2=" ">
    <subfield code="a">Third edition.</subfield>
  </datafield>
  <datafield tag="264" ind1=" " ind2="1">
    <subfield code="a">Los Angeles :</subfield>
    <subfield code="b">SAGE,</subfield>
    <subfield code="c">[2016]</subfield>
  </datafield>
  <datafield tag="264" ind1=" " ind2="4">
    <subfield code="c">©2016</subfield>
  </datafield>
  <datafield tag="300" ind1=" " ind2=" ">
    <subfield code="a">xxxvii, 357 pages :</subfield>
    <subfield code="b">illustrations ;</subfield>
    <subfield code="c">24 cm</subfield>
  </datafield>
  <datafield tag="336" ind1=" " ind2=" ">
    <subfield code="a">text</subfield>
    <subfield code="b">txt</subfield>
    <subfield code="2">rdacontent</subfield>
  </datafield>
  <datafield tag="337" ind1=" " ind2=" ">
    <subfield code="a">unmediated</subfield>
    <subfield code="b">n</subfield>
    <subfield code="2">rdamedia</subfield>
  </datafield>
  <datafield tag="338" ind1=" " ind2=" ">
    <subfield code="a">volume</subfield>
    <subfield code="b">nc</subfield>
    <subfield code="2">rdacarrier</subfield>
  </datafield>
  <datafield tag="504" ind1=" " ind2=" ">
    <subfield code="a">Includes bibliographical references (pages 339-344) and indexes.</subfield>
  </datafield>
  <datafield tag="505" ind1="0" ind2="0">
    <subfield code="t">Taking charge of yourself and your work --</subfield>
    <subfield code="t">A complete dissertation : the big picture --</subfield>
    <subfield code="t">Gearing up : there is method in the madness --</subfield>
    <subfield code="t">Choosing a qualitative research approach --</subfield>
    <subfield code="t">A first step: developing your proposal --</subfield>
    <subfield code="t">Content and process : a chapter-by-chapter road map --</subfield>
    <subfield code="t">Introduction to your study --</subfield>
    <subfield code="t">Developing and presenting your literature review --</subfield>
    <subfield code="t">Presenting methodology and research approach --</subfield>
    <subfield code="t">Analyzing data and reporting findings --</subfield>
    <subfield code="t">Analyzing and interpreting findings --</subfield>
    <subfield code="t">Drawing trustworthy conclusions and presenting actionable recommendations --</subfield>
    <subfield code="t">Nearing completion --</subfield>
    <subfield code="t">Some final technical considerations --</subfield>
    <subfield code="t">Defense preparation and beyond.</subfield>
  </datafield>
  <datafield tag="650" ind1=" " ind2="0">
    <subfield code="a">Qualitative research.</subfield>
  </datafield>
  <datafield tag="650" ind1=" " ind2="0">
    <subfield code="a">Dissertations, Academic.</subfield>
  </datafield>
  <datafield tag="650" ind1=" " ind2="7">
    <subfield code="a">Dissertations, Academic.</subfield>
    <subfield code="2">fast</subfield>
    <subfield code="0">(OCoLC)fst00895423</subfield>
  </datafield>
  <datafield tag="650" ind1=" " ind2="7">
    <subfield code="a">Qualitative research.</subfield>
    <subfield code="2">fast</subfield>
    <subfield code="0">(OCoLC)fst01084940</subfield>
  </datafield>
  <datafield tag="700" ind1="1" ind2=" ">
    <subfield code="a">Volpe, Marie,</subfield>
    <subfield code="e">author.</subfield>
  </datafield>
</record>