
<record>
  <leader>03112cam a22003137i 4500</leader>
  <controlfield tag="001">19131472</controlfield>
  <controlfield tag="005">20200103121140.0</controlfield>
  <controlfield tag="008">151228s2015    ck            000 f spa c</controlfield>
  <datafield tag="906" ind1=" " ind2=" ">
    <subfield code="a">7</subfield>
    <subfield code="b">cbc</subfield>
    <subfield code="c">pccadap</subfield>
    <subfield code="d">3</subfield>
    <subfield code="e">ncip</subfield>
    <subfield code="f">20</subfield>
    <subfield code="g">y-gencatlg</subfield>
  </datafield>
  <datafield tag="925" ind1="0" ind2=" ">
    <subfield code="a">acquire</subfield>
    <subfield code="b">1 shelf copy</subfield>
    <subfield code="x">policy default</subfield>
  </datafield>
  <datafield tag="955" ind1=" " ind2=" ">
    <subfield code="b">bc12 2016-06-27 z-processor to ALAWE/SA (telework)</subfield>
    <subfield code="b">bc12 2017-07-14 z-processor (overtime)</subfield>
    <subfield code="i">bc12 2017-08-16</subfield>
    <subfield code="e">bc12 2017-09-01 to BCCD (ABAchecked &amp; Labeled)(telework)</subfield>
  </datafield>
  <datafield tag="010" ind1=" " ind2=" ">
    <subfield code="a">  2016434337</subfield>
  </datafield>
  <datafield tag="020" ind1=" " ind2=" ">
    <subfield code="a">9789588894362</subfield>
  </datafield>
  <datafield tag="020" ind1=" " ind2=" ">
    <subfield code="a">9588894360</subfield>
  </datafield>
  <datafield tag="035" ind1=" " ind2=" ">
    <subfield code="a">(OCoLC)ocn913142223</subfield>
  </datafield>
  <datafield tag="040" ind1=" " ind2=" ">
    <subfield code="a">STF</subfield>
    <subfield code="b">eng</subfield>
    <subfield code="c">STF</subfield>
    <subfield code="e">rda</subfield>
    <subfield code="d">CUY</subfield>
    <subfield code="d">DWP</subfield>
    <subfield code="d">OCLCQ</subfield>
    <subfield code="d">IXA</subfield>
    <subfield code="d">DLC</subfield>
  </datafield>
  <datafield tag="050" ind1="0" ind2="0">
    <subfield code="a">PQ8180.412.O58</subfield>
    <subfield code="b">C56 2015</subfield>
  </datafield>
  <datafield tag="100" ind1="1" ind2=" ">
    <subfield code="a">Bonnett, Mauricio,</subfield>
    <subfield code="e">author.</subfield>
  </datafield>
  <datafield tag="245" ind1="1" ind2="0">
    <subfield code="a">Cinco versiones de Adriano /</subfield>
    <subfield code="c">Mauricio Bonnett.</subfield>
  </datafield>
  <datafield tag="250" ind1=" " ind2=" ">
    <subfield code="a">Primera edición.</subfield>
  </datafield>
  <datafield tag="264" ind1=" " ind2="1">
    <subfield code="a">[Bogotá, D.C., Colombia] :</subfield>
    <subfield code="b">Literatura Random House,</subfield>
    <subfield code="c">2015.</subfield>
  </datafield>
  <datafield tag="300" ind1=" " ind2=" ">
    <subfield code="a">347 pages ;</subfield>
    <subfield code="c">23 cm</subfield>
  </datafield>
  <datafield tag="336" ind1=" " ind2=" ">
    <subfield code="a">text</subfield>
    <subfield code="b">txt</subfield>
    <subfield code="2">rdacontent</subfield>
  </datafield>
  <datafield tag="337" ind1=" " ind2=" ">
    <subfield code="a">unmediated</subfield>
    <subfield code="b">n</subfield>
    <subfield code="2">rdamedia</subfield>
  </datafield>
  <datafield tag="338" ind1=" " ind2=" ">
    <subfield code="a">volume</subfield>
    <subfield code="b">nc</subfield>
    <subfield code="2">rdacarrier</subfield>
  </datafield>
  <datafield tag="505" ind1="0" ind2=" ">
    <subfield code="a">Naturalez muerta -- A través de la ventana -- Escenas de la vida adolescente. 1. Jazz -- El mirador -- Muerte y resurrección de Adriano -- El genio de la lámpara maravillosa -- Escenas de la vida adolescente. 2. La Navidad Pagan -- El basural -- El mirón -- Conversación en Greenberry -- Escenas de la vida adolescente. 3. El Tercer Reich en color -- El inquilino -- El camión de la mudanza -- Escenas de la vida adolescente. 4. Una vida vivida al margen -- El mapa roto -- Por el camino del inca -- La calle del azafrán -- Escenas de la vida adolescente. 5. Adriano en los infiernos -- Tentefino -- Magdalena -- La ardilla -- Escenas de la vida adolescente. 6. La novia desnudada por sus pretendientes -- Feliz cumpleaños -- Escenas de la vida adolescente. 7. Bande à part -- Yo, el otro --El señor de al lado -- La última cena -- El proyecto -- La caja -- La habitación --Los dos carros -- Epílogo -- Agradecimientos.</subfield>
  </datafield>
  <datafield tag="520" ind1=" " ind2=" ">
    <subfield code="a">Un día de verano Sebastián, un escritor colombiano, ve a través de la ventana de su apartamento londinense a un hombre que le recuerda de manera inquietante a Adriano, un amigo suyo desaparecido en misteriosas circunstancias veinte años atrás. Cuando a los pocos días lo ve de nuevo, el interés inicial se convierte en obsesión, y emprende entonces una suerte de persecución detectivesca para sacudirse la duda y recuperar la tranquilidad. Pero la cacería de Sebastián se vuelve, a la par, retrospectiva, pues busca a Adriano no sólo en las calles de Londres sino en su remoto pasado, decidió entender de una vez por todas, y con las ayuda de dos de sus viejos amigos, quién fue ese enigmático fragmento de su juventud y por qué nunca se supo nada más de él, como si se hubiera evaporado. De esta manera surge el retrato de un ser complejo, contradictorio, casi indescifrable, así como un mosaico de los miedos, las dudas, los prejuicios, los remordimientos y los entusiasmos de toda una generación.</subfield>
  </datafield>
  <datafield tag="923" ind1=" " ind2=" ">
    <subfield code="d">20151111</subfield>
    <subfield code="n">13557C2016</subfield>
    <subfield code="s">BO-CbLA</subfield>
  </datafield>
  <datafield tag="985" ind1=" " ind2=" ">
    <subfield code="e">VENDOR LOAD</subfield>
  </datafield>
</record>