
<record>
  <leader>02717cam a22003857i 4500</leader>
  <controlfield tag="001">19131633</controlfield>
  <controlfield tag="005">20200103121141.0</controlfield>
  <controlfield tag="008">160128s2015    ec       b    100 0 spa c</controlfield>
  <datafield tag="906" ind1=" " ind2=" ">
    <subfield code="a">7</subfield>
    <subfield code="b">cbc</subfield>
    <subfield code="c">pccadap</subfield>
    <subfield code="d">2</subfield>
    <subfield code="e">ncip</subfield>
    <subfield code="f">20</subfield>
    <subfield code="g">y-gencatlg</subfield>
  </datafield>
  <datafield tag="925" ind1="0" ind2=" ">
    <subfield code="a">acquire</subfield>
    <subfield code="b">1 shelf copy</subfield>
    <subfield code="x">policy default</subfield>
  </datafield>
  <datafield tag="955" ind1=" " ind2=" ">
    <subfield code="b">bg12 2016-10-27 to ALAWE/SA</subfield>
    <subfield code="b">bc12 2017-03-23 z-processor</subfield>
    <subfield code="i">bc12 2017-07-12 (telework)</subfield>
    <subfield code="e">bc12 2017-07-20 to BCCD (ABACheck &amp; Labeled)</subfield>
  </datafield>
  <datafield tag="010" ind1=" " ind2=" ">
    <subfield code="a">  2016445790</subfield>
  </datafield>
  <datafield tag="020" ind1=" " ind2=" ">
    <subfield code="a">9789978102268</subfield>
  </datafield>
  <datafield tag="020" ind1=" " ind2=" ">
    <subfield code="a">9978102264</subfield>
  </datafield>
  <datafield tag="035" ind1=" " ind2=" ">
    <subfield code="a">(OCoLC)ocn956926702</subfield>
  </datafield>
  <datafield tag="040" ind1=" " ind2=" ">
    <subfield code="a">STF</subfield>
    <subfield code="b">eng</subfield>
    <subfield code="c">STF</subfield>
    <subfield code="e">rda</subfield>
    <subfield code="d">IXA</subfield>
    <subfield code="d">OCLCO</subfield>
    <subfield code="d">OCLCA</subfield>
    <subfield code="d">OCLCF</subfield>
    <subfield code="d">OCLCO</subfield>
    <subfield code="d">CUY</subfield>
    <subfield code="d">OCLCQ</subfield>
    <subfield code="d">DLC</subfield>
  </datafield>
  <datafield tag="050" ind1="0" ind2="0">
    <subfield code="a">HM1206</subfield>
    <subfield code="b">.C6635 2015</subfield>
  </datafield>
  <datafield tag="111" ind1="2" ind2=" ">
    <subfield code="a">Congreso de Comunicación, Valores y Desarrollo Social: Retos para la Universidad del Siglo XXI</subfield>
    <subfield code="d">(2014 :</subfield>
    <subfield code="c">Universidad Politécnica Salesiana. Sede Guayaquil. Carrera de Comunicación Social)</subfield>
  </datafield>
  <datafield tag="245" ind1="1" ind2="0">
    <subfield code="a">Congreso de Comunicación, Valores y Desarrollo Social :</subfield>
    <subfield code="b">retos para la universidad del siglo XXI /</subfield>
    <subfield code="c">Katiusca Flores, Susan Escobar y Cassia Delgado (coordinadoras).</subfield>
  </datafield>
  <datafield tag="264" ind1=" " ind2="1">
    <subfield code="a">Quito, Ecuador :</subfield>
    <subfield code="b">Abya-Yala ;</subfield>
    <subfield code="a">Cuenca, Ecuador :</subfield>
    <subfield code="b">Universidad Politécnica Salesiana,</subfield>
    <subfield code="c">2015.</subfield>
  </datafield>
  <datafield tag="300" ind1=" " ind2=" ">
    <subfield code="a">132 pages ;</subfield>
    <subfield code="c">21 cm</subfield>
  </datafield>
  <datafield tag="336" ind1=" " ind2=" ">
    <subfield code="a">text</subfield>
    <subfield code="b">txt</subfield>
    <subfield code="2">rdacontent</subfield>
  </datafield>
  <datafield tag="337" ind1=" " ind2=" ">
    <subfield code="a">unmediated</subfield>
    <subfield code="b">n</subfield>
    <subfield code="2">rdamedia</subfield>
  </datafield>
  <datafield tag="338" ind1=" " ind2=" ">
    <subfield code="a">volume</subfield>
    <subfield code="b">nc</subfield>
    <subfield code="2">rdacarrier</subfield>
  </datafield>
  <datafield tag="504" ind1=" " ind2=" ">
    <subfield code="a">Includes bibliographical references.</subfield>
  </datafield>
  <datafield tag="505" ind1="0" ind2=" ">
    <subfield code="a">Nuevas narrativas en la comunidad virtual como parte del desarrollo social / Johanna Escobar Torres -- Los medios comunitarios, un reto para la comunicación en el Ecuador / Jorge Galán Montesdeoca -- El consumo simbólico y cultural de los programas infantiles en los niños de edad escolar / Amalia Gabino Nevárez -- Programación neurologística (PNL), neuromarketing y placebo / Ricardo Silva Bustillo -- El proceso de transformación de los valores en los mensajes comunicacionales del programa &quot;Ecuador Tiene Talento&quot; / Fernando Tusa Jumbo -- Los factores que definen la cultura periodística de América Latina. Contexto, globalización, profesionalización, legislación, mercado mediático, derecho de acceso a la información y sociedad civil / Martín Oller Alonso.</subfield>
  </datafield>
  <datafield tag="650" ind1=" " ind2="0">
    <subfield code="a">Communication</subfield>
    <subfield code="x">Social aspects</subfield>
    <subfield code="v">Congresses.</subfield>
  </datafield>
  <datafield tag="650" ind1=" " ind2="0">
    <subfield code="a">Online social networks</subfield>
    <subfield code="v">Congresses.</subfield>
  </datafield>
  <datafield tag="700" ind1="1" ind2=" ">
    <subfield code="a">Flores, Katiusca,</subfield>
    <subfield code="e">editor.</subfield>
  </datafield>
  <datafield tag="700" ind1="1" ind2=" ">
    <subfield code="a">Escobar, Susan,</subfield>
    <subfield code="e">editor.</subfield>
  </datafield>
  <datafield tag="700" ind1="1" ind2=" ">
    <subfield code="a">Delgado, Cassia,</subfield>
    <subfield code="e">editor.</subfield>
  </datafield>
  <datafield tag="700" ind1="1" ind2=" ">
    <subfield code="a">Escobar Torres, Johanna.</subfield>
    <subfield code="t">Nuevas narrativas en la comunidad virtual como parte del desarrollo social.</subfield>
    <subfield code="i">Container of (work):</subfield>
  </datafield>
  <datafield tag="710" ind1="2" ind2=" ">
    <subfield code="a">Universidad Politécnica Salesiana.</subfield>
    <subfield code="b">Sede Guayaquil.</subfield>
    <subfield code="b">Carrera de Comunicación Social,</subfield>
    <subfield code="e">organizer.</subfield>
  </datafield>
  <datafield tag="923" ind1=" " ind2=" ">
    <subfield code="d">20160304</subfield>
    <subfield code="n">14562E2016</subfield>
    <subfield code="s">BO-CbLA</subfield>
  </datafield>
  <datafield tag="985" ind1=" " ind2=" ">
    <subfield code="e">VENDOR LOAD</subfield>
  </datafield>
</record>