
<record>
  <leader>02276cam a22003857i 4500</leader>
  <controlfield tag="001">19132249</controlfield>
  <controlfield tag="005">20200103150705.0</controlfield>
  <controlfield tag="008">160529e201603  is ab         000 0bheb  </controlfield>
  <datafield tag="906" ind1=" " ind2=" ">
    <subfield code="a">7</subfield>
    <subfield code="b">cbc</subfield>
    <subfield code="c">origres</subfield>
    <subfield code="d">2</subfield>
    <subfield code="e">ncip</subfield>
    <subfield code="f">20</subfield>
    <subfield code="g">y-nonroman</subfield>
  </datafield>
  <datafield tag="925" ind1="0" ind2=" ">
    <subfield code="a">acquire</subfield>
    <subfield code="b">1 shelf copy</subfield>
    <subfield code="x">policy default</subfield>
  </datafield>
  <datafield tag="955" ind1=" " ind2=" ">
    <subfield code="b">Vendor load</subfield>
    <subfield code="a">cd04 2016-09-21 telework added LCCN, HR, IR</subfield>
    <subfield code="a">cd00 2016-09-26 to ASME/IJ</subfield>
    <subfield code="c">cd04 2017-06-21 telework</subfield>
    <subfield code="d">cd04 2017-06-27 to cd08 for NARs ;</subfield>
    <subfield code="r">cd08 2017-06-28 re. nars to cd04;</subfield>
    <subfield code="e">cd04 2017-06-30 to BCCD</subfield>
  </datafield>
  <datafield tag="010" ind1=" " ind2=" ">
    <subfield code="a">  2016379987</subfield>
  </datafield>
  <datafield tag="035" ind1=" " ind2=" ">
    <subfield code="a">(IsJeAIW)wb2016414661</subfield>
  </datafield>
  <datafield tag="040" ind1=" " ind2=" ">
    <subfield code="a">DLC</subfield>
    <subfield code="b">eng</subfield>
    <subfield code="c">DLC</subfield>
    <subfield code="e">rda</subfield>
  </datafield>
  <datafield tag="043" ind1=" " ind2=" ">
    <subfield code="a">a-is---</subfield>
    <subfield code="a">e-xo---</subfield>
  </datafield>
  <datafield tag="066" ind1=" " ind2=" ">
    <subfield code="c">(2</subfield>
  </datafield>
  <datafield tag="050" ind1="0" ind2="0">
    <subfield code="a">DS135.S553</subfield>
    <subfield code="b">B564 2016</subfield>
  </datafield>
  <datafield tag="100" ind1="1" ind2=" ">
    <subfield code="6">880-01</subfield>
    <subfield code="a">Kats, Yosef Aryeh ben Barukh</subfield>
    <subfield code="c">ha-Kohen,</subfield>
    <subfield code="e">author,</subfield>
    <subfield code="e">editor.</subfield>
  </datafield>
  <datafield tag="880" ind1="1" ind2=" ">
    <subfield code="6">100-01/(2/r</subfield>
    <subfield code="a">כ&quot;ץ, יוסף אריה בן ברוך, הכהן.</subfield>
  </datafield>
  <datafield tag="245" ind1="1" ind2="0">
    <subfield code="6">880-02</subfield>
    <subfield code="a">Zakhor et asher ʻaśah le-Miriam :</subfield>
    <subfield code="b">sipur ḳorot ḥayeha be-yeme ha-shalṿah, be-yeme ofel ha-Shoʼah uve-shenot ḥayeha be-erets Yiśraʼel /</subfield>
    <subfield code="c">ketivah ṿe-ʻarikhah, Yosef Aryeh Kats.</subfield>
  </datafield>
  <datafield tag="880" ind1="1" ind2="0">
    <subfield code="6">245-02/(2/r</subfield>
    <subfield code="a">זכור אשר עשה למרים :</subfield>
    <subfield code="b">סיפור קורות חייה של מרת מרים בלוי ע״ה בימי השלווה, בימי ובשנות חייה בארץ ישראל /</subfield>
    <subfield code="c">כתיבה ועריכה: יוסף אריה כץ.</subfield>
  </datafield>
  <datafield tag="264" ind1=" " ind2="1">
    <subfield code="6">880-03</subfield>
    <subfield code="a">Bene Beraḳ :</subfield>
    <subfield code="b">Ganzakh Ḳidush ha-Shem, makhon le-teʻud, meḥḳar ṿe-hantsaḥah,</subfield>
    <subfield code="c">[Adar 2 776 = Martz 2016]</subfield>
  </datafield>
  <datafield tag="880" ind1=" " ind2="1">
    <subfield code="6">264-03/(2/r‏</subfield>
    <subfield code="a">‏בני ברק :‏</subfield>
    <subfield code="b">‏גנזך קידוש השם, מכון לתיעוד, מחקר והנצחה,‏</subfield>
    <subfield code="c">‏‪[אדר ב&apos; תשע&apos;&apos;ו = מרץ 2016]</subfield>
  </datafield>
  <datafield tag="300" ind1=" " ind2=" ">
    <subfield code="a">175 pages :</subfield>
    <subfield code="b">illustrations, maps ;</subfield>
    <subfield code="c">21 cm</subfield>
  </datafield>
  <datafield tag="336" ind1=" " ind2=" ">
    <subfield code="a">text</subfield>
    <subfield code="2">rdacontent</subfield>
  </datafield>
  <datafield tag="337" ind1=" " ind2=" ">
    <subfield code="a">unmediated</subfield>
    <subfield code="2">rdamedia</subfield>
  </datafield>
  <datafield tag="338" ind1=" " ind2=" ">
    <subfield code="a">volume</subfield>
    <subfield code="2">rdacarrier</subfield>
  </datafield>
  <datafield tag="500" ind1=" " ind2=" ">
    <subfield code="a">&quot;Sipur ḳorot ḥayeha shel marat Miriam Bloi ʻa&quot;h ha-shalṿah, be-yeme ofel ha-Shoʼah uve-shenot ḥayeha be-erets Yiśraʼel&quot;--Subtitle on cover.</subfield>
  </datafield>
  <datafield tag="504" ind1=" " ind2=" ">
    <subfield code="a">Includes bibliographical references (page 175).</subfield>
  </datafield>
  <datafield tag="600" ind1="1" ind2="0">
    <subfield code="a">Bloi, Miriam,</subfield>
    <subfield code="d">1930-2014.</subfield>
  </datafield>
  <datafield tag="650" ind1=" " ind2="0">
    <subfield code="a">Jews</subfield>
    <subfield code="z">Slovakia</subfield>
    <subfield code="v">Biography.</subfield>
  </datafield>
  <datafield tag="650" ind1=" " ind2="0">
    <subfield code="a">Holocaust, Jewish (1939-1945)</subfield>
    <subfield code="z">Slovakia.</subfield>
  </datafield>
  <datafield tag="650" ind1=" " ind2="0">
    <subfield code="a">Holocaust survivors</subfield>
    <subfield code="z">Israel</subfield>
    <subfield code="v">Biography.</subfield>
  </datafield>
  <datafield tag="923" ind1=" " ind2=" ">
    <subfield code="d">20160601</subfield>
    <subfield code="n">28046</subfield>
    <subfield code="s">IsJeAIW</subfield>
  </datafield>
  <datafield tag="985" ind1=" " ind2=" ">
    <subfield code="e">VENDOR LOAD</subfield>
  </datafield>
</record>