
<record>
  <leader>03321cam a22004217i 4500</leader>
  <controlfield tag="001">19135587</controlfield>
  <controlfield tag="005">20200103150705.0</controlfield>
  <controlfield tag="008">160614s2016    flu      b    001 0 eng c</controlfield>
  <datafield tag="906" ind1=" " ind2=" ">
    <subfield code="a">7</subfield>
    <subfield code="b">cbc</subfield>
    <subfield code="c">pccadap</subfield>
    <subfield code="d">2</subfield>
    <subfield code="e">ncip</subfield>
    <subfield code="f">20</subfield>
    <subfield code="g">y-gencatlg</subfield>
  </datafield>
  <datafield tag="925" ind1="0" ind2=" ">
    <subfield code="a">acquire</subfield>
    <subfield code="b">1 shelf copy</subfield>
    <subfield code="x">policy default</subfield>
  </datafield>
  <datafield tag="955" ind1=" " ind2=" ">
    <subfield code="b">rl06 2016-06-14 z-processor</subfield>
    <subfield code="i">rl06 2016-06-14 to BCCD</subfield>
  </datafield>
  <datafield tag="010" ind1=" " ind2=" ">
    <subfield code="a">  2016302635</subfield>
  </datafield>
  <datafield tag="016" ind1="7" ind2=" ">
    <subfield code="a">101681264</subfield>
    <subfield code="2">DNLM</subfield>
  </datafield>
  <datafield tag="020" ind1=" " ind2=" ">
    <subfield code="a">9781482237238 (paperback : alk. paper)</subfield>
  </datafield>
  <datafield tag="020" ind1=" " ind2=" ">
    <subfield code="a">1482237237</subfield>
  </datafield>
  <datafield tag="035" ind1=" " ind2=" ">
    <subfield code="a">(OCoLC)ocn945640559</subfield>
  </datafield>
  <datafield tag="040" ind1=" " ind2=" ">
    <subfield code="a">NLM</subfield>
    <subfield code="b">eng</subfield>
    <subfield code="c">NLM</subfield>
    <subfield code="e">rda</subfield>
    <subfield code="d">AU@</subfield>
    <subfield code="d">YDXCP</subfield>
    <subfield code="d">BDX</subfield>
    <subfield code="d">UPP</subfield>
    <subfield code="d">OCLCO</subfield>
    <subfield code="d">BTCTA</subfield>
    <subfield code="d">DLC</subfield>
  </datafield>
  <datafield tag="050" ind1="0" ind2="0">
    <subfield code="a">RM930</subfield>
    <subfield code="b">.G53 2016</subfield>
  </datafield>
  <datafield tag="060" ind1="0" ind2="0">
    <subfield code="a">2016 D-296</subfield>
  </datafield>
  <datafield tag="060" ind1="1" ind2="0">
    <subfield code="a">WB 320</subfield>
  </datafield>
  <datafield tag="100" ind1="1" ind2=" ">
    <subfield code="a">Gibson, Barbara E.</subfield>
    <subfield code="e">author.</subfield>
  </datafield>
  <datafield tag="245" ind1="1" ind2="0">
    <subfield code="a">Rehabilitation :</subfield>
    <subfield code="b">a post-critical approach /</subfield>
    <subfield code="c">Barbara E. Gibson, University of Toronto, Ontario, Canada.</subfield>
  </datafield>
  <datafield tag="264" ind1=" " ind2="1">
    <subfield code="a">Boca Raton, FL :</subfield>
    <subfield code="b">CRC Press, an imprint of the Taylor &amp; Francis Group,</subfield>
    <subfield code="c">[2016]</subfield>
  </datafield>
  <datafield tag="300" ind1=" " ind2=" ">
    <subfield code="a">xvii, 161 pages ;</subfield>
    <subfield code="c">23 cm</subfield>
  </datafield>
  <datafield tag="336" ind1=" " ind2=" ">
    <subfield code="a">text</subfield>
    <subfield code="b">txt</subfield>
    <subfield code="2">rdacontent</subfield>
  </datafield>
  <datafield tag="337" ind1=" " ind2=" ">
    <subfield code="a">unmediated</subfield>
    <subfield code="b">n</subfield>
    <subfield code="2">rdamedia</subfield>
  </datafield>
  <datafield tag="338" ind1=" " ind2=" ">
    <subfield code="a">volume</subfield>
    <subfield code="b">nc</subfield>
    <subfield code="2">rdacarrier</subfield>
  </datafield>
  <datafield tag="490" ind1="1" ind2=" ">
    <subfield code="a">Rehabilitation science in practice series</subfield>
  </datafield>
  <datafield tag="504" ind1=" " ind2=" ">
    <subfield code="a">Includes bibliographical references and index.</subfield>
  </datafield>
  <datafield tag="505" ind1="0" ind2=" ">
    <subfield code="a">Machine generated contents note: 1.Moving Rehabilitation -- A Post-Critical Approach -- Critical Disability Studies -- An Ethic of Openness -- Moving Bodies -- Use of Terms -- Mobilizing Post-Critical Methodologies: Book Outline -- Outline of Chapters -- References -- 2.Disability/Normality -- What Is Disability? -- Theorizing Disability -- The Social Model of Disability -- International Classification of Functioning, Disability, and Health -- What Is Normal(ity)? -- Post-Critical Movements: Perturbing the Normal/Disabled Divide -- Rehabilitating Normal/Disabled -- References -- 3.Quality of Life -- Origins and Confusions -- QOL, Function, and Normalization -- A Case Example -- Challenges from within the Health Sciences -- The Subjective/Objective Divide -- Quality of Life Judgments in Clinical Practices -- The Object of Intervention -- Reforming Quality of Life -- References -- 4.Development / Yani Hamdani -- Developmentalism -- Rethinking Children&apos;s Rehabilitation --</subfield>
  </datafield>
  <datafield tag="505" ind1="0" ind2=" ">
    <subfield code="a">Note continued: Implications for Rehabilitation Practice -- Unhinging Normal and Development -- References -- 5.In/dependence -- Discourses of In/dependence -- Dependence, Independence, and Interdependence in Disability Studies and Rehabilitation -- In/dependence in Disability Studies -- Independence in Rehabilitation -- Interdependence -- Moving Assemblages -- Reconstructing Dependencies -- References -- 6.Mobilities -- Mobilizing Desire -- Amputee Mobilities -- Crawling Mobilities -- Wheelchair Mobilities -- Mobility Movements -- References -- 7.Re-Forming Rehabilitation -- Continuities of Theory with Practice -- Revisiting the Ethics of Openness -- Implications: Mobilizing and Re-Forming -- Rhizomatic Reforms -- Choices and Directions -- Movement without Conclusion -- References.</subfield>
  </datafield>
  <datafield tag="650" ind1=" " ind2="0">
    <subfield code="a">Rehabilitation.</subfield>
  </datafield>
  <datafield tag="650" ind1=" " ind2="0">
    <subfield code="a">People with disabilities</subfield>
    <subfield code="x">Rehabilitation.</subfield>
  </datafield>
  <datafield tag="650" ind1=" " ind2="0">
    <subfield code="a">Rehabilitation</subfield>
    <subfield code="x">Psychology.</subfield>
  </datafield>
  <datafield tag="650" ind1="1" ind2="2">
    <subfield code="a">Rehabilitation</subfield>
    <subfield code="x">methods</subfield>
  </datafield>
  <datafield tag="650" ind1="2" ind2="2">
    <subfield code="a">Rehabilitation</subfield>
    <subfield code="x">psychology</subfield>
  </datafield>
  <datafield tag="650" ind1="2" ind2="2">
    <subfield code="a">Disabled Persons</subfield>
    <subfield code="x">rehabilitation</subfield>
  </datafield>
  <datafield tag="830" ind1=" " ind2="0">
    <subfield code="a">Rehabilitation science in practice series.</subfield>
  </datafield>
</record>